@online{soni2023stacking,
  author = {Brijesh Soni},
  title = {Stacking to Improve Model Performance: A Comprehensive Guide on Ensemble Learning in Python},
  year = {2023},
  month = {5},
  url = {https://medium.com/@brijesh_soni/stacking-to-improve-model-performance-a-comprehensive-guide-on-ensemble-learning-in-python-9ed53c93ce28},
  note = {Accessed: 2023-11-27}
}
